%% Created using Papers on Wed, 31 Jul 2013.
%% http://mekentosj.com/papers/

@inproceedings{Priyantha:2000hx,
author = {Priyantha, Nissanka B and Chakraborty, Anit and Balakrishnan, Hari},
title = {{The Cricket location-support system}},
booktitle = {MobiCom '00: Proceedings of the 6th annual international conference on Mobile computing and networking},
year = {2000},
publisher = { ACM  Request Permissions},
month = aug
}

@article{Yu:2009ix,
author = {Yu, Kegen and Guo, Y Jay},
title = {{Statistical NLOS identification based on AOA, TOA, and signal strength}},
journal = {Vehicular Technology, IEEE Transactions on},
year = {2009},
volume = {58},
number = {1},
pages = {274--286}
}

@booklet{Glynn:1987tx,
title = {{Importance Sampling for Stochastic Simulations}},
author = {Glynn, Peter W and Iglehart, Donald L},
year = {1987}
}

@article{Hazas:2006tv,
author = {Hazas, Mike and Hopper, Andy},
title = {{Broadband ultrasonic location systems for improved indoor positioning}},
journal = {IEEE Transactions on Mobile Computing},
year = {2006},
volume = {5},
number = {5},
pages = {536--547}
}

